@article{wahde2004evolutionary,
  title={Evolutionary Robotics},
  author={Wahde, Mattias},
  journal={The use of Artificial Evolution in Robotics, Tutorial presented at IROS},
  year={2004},
  publisher={Citeseer}
}

@book{back1996evolutionary,
  title={Evolutionary algorithms in theory and practice: evolution strategies, evolutionary programming, genetic algorithms},
  author={Back, Thomas},
  year={1996},
  publisher={Oxford university press}
}

@book{braitenberg1986vehicles,
  title={Vehicles: Experiments in synthetic psychology},
  author={Braitenberg, Valentino},
  year={1986},
  publisher={MIT press}
}

@article{eberhard200621,
  title={The 21 st Century Electric Car Tesla Motors},
  author={Eberhard, Martin and Tarpenning, Marc},
  journal={Tesla Motors},
  year={2006}
}

@book{arkin1998behavior,
  title={Behavior-based robotics},
  author={Arkin, Ronald C and Arkin, Ronald C and others},
  year={1998},
  publisher={MIT press}
}

@book{siciliano2016springer,
  title={Springer handbook of robotics},
  author={Siciliano, Bruno and Khatib, Oussama},
  year={2016},
  publisher={Springer}
}

@article{salomon1999evolving,
  title={Evolving and optimizing Braitenberg vehicles by means of evolution strategies},
  author={Salomon, Ralf},
  journal={Int. J. Smart Eng. Syst. Design},
  volume={2},
  number={6977},
  year={1999}
}

@inproceedings{rohmer2013v,
  title={V-REP: A versatile and scalable robot simulation framework},
  author={Rohmer, Eric and Singh, Surya PN and Freese, Marc},
  booktitle={Intelligent Robots and Systems (IROS), 2013 IEEE/RSJ International Conference on},
  pages={1321--1326},
  year={2013},
  organization={IEEE}
}

@article{fortin2012deap,
  title={DEAP: Evolutionary algorithms made easy},
  author={Fortin, F{\'e}lix-Antoine and Rainville, Fran{\c{c}}ois-Michel De and Gardner, Marc-Andr{\'e} and Parizeau, Marc and Gagn{\'e}, Christian},
  journal={Journal of Machine Learning Research},
  volume={13},
  number={Jul},
  pages={2171--2175},
  year={2012}
}

@book{back2000evolutionary,
  title={Evolutionary computation 1: Basic algorithms and operators},
  author={B{\"a}ck, Thomas and Fogel, David B and Michalewicz, Zbigniew},
  volume={1},
  year={2000},
  publisher={CRC press}
}

@article{stanley2002evolving,
  title={Evolving neural networks through augmenting topologies},
  author={Stanley, Kenneth O and Miikkulainen, Risto},
  journal={Evolutionary computation},
  volume={10},
  number={2},
  pages={99--127},
  year={2002},
  publisher={MIT Press}
}

@inproceedings{divband2015effect,
  title={The effect of fitness function design on performance in evolutionary robotics: The influence of a priori knowledge},
  author={Divband Soorati, Mohammad and Hamann, Heiko},
  booktitle={Proceedings of the 2015 Annual Conference on Genetic and Evolutionary Computation},
  pages={153--160},
  year={2015},
  organization={ACM}
}
